@article{rutzmoser18,
    author = "Johannes Baptist Rutzmoser",
    title = "Model Order Reduction for Nonlinear Structural Dynamics",
    journal = "PhD Thesis",
    year = "2018",
    number = "",
    pages = "",
    volume = "",
    note = ""
} 

@article{weiss19,
    author = "Julien Weiss",
    title = "A tutorial on the proper orthogonal decomposition",
    journal = "",
    year = "2019",
    number = "",
    pages = "",
    volume = "",
    note = ""
} 

@book{geradin14,
    author    = "M. Geradin and D. J. Rixen",
    title     = "Mechanical vibrations: theory and application to structural dynamics",
    year      = "2014",
    publisher = "John Wiley and Sons",
    address   = ""
}
